@misc{CarlaCV,
title = {Carla Open-source simulator for autonomous driving research},
howpublished = "\url{http://carla.org/}",
urldate = {05-02-2019}
}

@misc{AirSim,
title = {AirSim: High-Fidelity Visual and Physical Simulation for Autonomous Vehicles},
howpublished = "\url{https://github.com/Microsoft/AirSim}",
urldate = {06-02-2019}
}